@book{friedman2018,
   title =     {The Reasoned Schemer},
   author =    {Daniel P. Friedman; William E. Byrd; Oleg Kiselyov; Jason Hemann},
   publisher = {The MIT Press},
   isbn =      {},
   year =      {2018},
   edition =   {2nd},
   volume =    {},
}

@book{aitkaci1991,
   title =     {Warren's abstract machine. A tutorial reconstruction},
   author =    {Hassan AÃ¯t-Kaci},
   publisher = {The MIT Press},
   isbn =      {9780262510585,0262510588},
   year =      {1991},
   series =    {Logic Programming},
   edition =   {},
   volume =    {},
}
